<?xml version="1.0" encoding="UTF-8"?>
<OAI-PMH xmlns="http://www.openarchives.org/OAI/2.0/" xmlns:xsi="http://www.w3.org/2001/XMLSchema-instance" xsi:schemaLocation="http://www.openarchives.org/OAI/2.0/ http://www.openarchives.org/OAI/2.0/OAI-PMH.xsd">
<ListRecords>
<record>
<header status="updated">
<identifier>urm_publish:71301038350002121</identifier>
</header>
<metadata>
<record xmlns="http://www.loc.gov/MARC21/slim" xmlns:xsi="http://www.w3.org/2001/XMLSchema-instance" xsi:schemaLocation="http://www.loc.gov/MARC21/slim http://www.loc.gov/standards/marcxml/schema/MARC21slim.xsd" ><leader>01624nam a2200397 a 4500</leader><controlfield tag="005">19990604113142.0</controlfield><controlfield tag="008">930415s1991    dcu     bbr  f000 0 eng d</controlfield><controlfield tag="001">999715055802121</controlfield><datafield tag="035" ind1=" " ind2=" "><subfield code="a">(OCoLC)27927169</subfield></datafield><datafield tag="035" ind1=" " ind2=" "><subfield code="9">ARL0165UW</subfield></datafield><datafield tag="035" ind1=" " ind2=" "><subfield code="a">(WU)2767746-uwmadisondb</subfield></datafield><datafield tag="037" ind1=" " ind2=" "><subfield code="a">144845</subfield><subfield code="b">GAO (202) 512-6000 (voice); (301) 258-4066 (Fax)</subfield><subfield code="f">paper copy</subfield></datafield><datafield tag="040" ind1=" " ind2=" "><subfield code="a">DGPO</subfield><subfield code="b">eng</subfield><subfield code="c">DGPO</subfield><subfield code="d">DLC</subfield><subfield code="d">MGPO</subfield></datafield><datafield tag="043" ind1=" " ind2=" "><subfield code="a">n-us---</subfield></datafield><datafield tag="074" ind1=" " ind2=" "><subfield code="a">546-D (MF)</subfield></datafield><datafield tag="086" ind1="0" ind2=" "><subfield code="a">GA 1.13:HRD-91-112</subfield></datafield><datafield tag="088" ind1=" " ind2=" "><subfield code="a">GAO/HRD-91-112</subfield></datafield><datafield tag="088" ind1=" " ind2=" "><subfield code="a">B-243150</subfield></datafield><datafield tag="110" ind1="1" ind2=" "><subfield code="a">United States.</subfield><subfield code="b">General Accounting Office.</subfield><subfield code="2">LCNAMES</subfield><subfield code="0">41-LIBRARY_OF_CONGRESS-n  80126064</subfield><subfield code="9">Y</subfield></datafield><datafield tag="245" ind1="1" ind2="0"><subfield code="a">Social security :</subfield><subfield code="b">telephone access to local field offices : report to congressional requestors/</subfield><subfield code="c">United States General Accounting Office.</subfield></datafield><datafield tag="246" ind1="3" ind2=" "><subfield code="a">Telephone access to local field offices.</subfield></datafield><datafield tag="264" ind1=" " ind2="1"><subfield code="a">Washington, D.C. :</subfield><subfield code="b">The Office ;</subfield><subfield code="a">Gaithersburg, MD (P.O. Box 6015, Gaithersburg 20884-6015) :</subfield><subfield code="b">The Office [distributor],</subfield><subfield code="c">[1991]</subfield></datafield><datafield tag="300" ind1=" " ind2=" "><subfield code="a">16 pages ;</subfield><subfield code="c">28 cm</subfield></datafield><datafield tag="336" ind1=" " ind2=" "><subfield code="a">text</subfield><subfield code="b">txt</subfield><subfield code="2">rdacontent</subfield></datafield><datafield tag="337" ind1=" " ind2=" "><subfield code="a">microform</subfield><subfield code="b">h</subfield><subfield code="2">rdamedia</subfield></datafield><datafield tag="338" ind1=" " ind2=" "><subfield code="a">microfiche</subfield><subfield code="b">he</subfield><subfield code="2">rdacarrier</subfield></datafield><datafield tag="500" ind1=" " ind2=" "><subfield code="a">Cover title.</subfield></datafield><datafield tag="500" ind1=" " ind2=" "><subfield code="a">Distributed to depository libraries in microfiche.</subfield></datafield><datafield tag="500" ind1=" " ind2=" "><subfield code="a">"September 1991."</subfield></datafield><datafield tag="504" ind1=" " ind2=" "><subfield code="a">Includes bibliographical references.</subfield></datafield><datafield tag="500" ind1=" " ind2=" "><subfield code="a">"GAO/HRD-91-112."</subfield></datafield><datafield tag="500" ind1=" " ind2=" "><subfield code="a">"B-243150."</subfield></datafield><datafield tag="533" ind1=" " ind2=" "><subfield code="a">Microfiche.</subfield><subfield code="b">[Washington, D.C.] :</subfield><subfield code="c">U.S. General Accounting Office,</subfield><subfield code="d">[1993?]</subfield><subfield code="e">1 microfiche : negative.</subfield></datafield><datafield tag="610" ind1="1" ind2="0"><subfield code="a">United States.</subfield><subfield code="b">Social Security Administration</subfield><subfield code="v">Telephone directories.</subfield></datafield><datafield tag="610" ind1="1" ind2="0"><subfield code="a">United States.</subfield><subfield code="b">Social Security Administration</subfield><subfield code="x">Management.</subfield><subfield code="2">LCNAMES</subfield><subfield code="0">41-LIBRARY_OF_CONGRESS-n  80126011</subfield><subfield code="9">Y</subfield></datafield><datafield tag="997" ind1=" " ind2=" "><subfield code="a">MARCIVE</subfield></datafield><datafield tag="610" ind1="1" ind2="0"><subfield code="a">Social Security Administration (U.S.)</subfield><subfield code="2">LCNAMES</subfield><subfield code="0">41-LIBRARY_OF_CONGRESS-n  80126011</subfield><subfield code="9">N</subfield></datafield><datafield tag="610" ind1="1" ind2="0"><subfield code="a">SSA</subfield><subfield code="2">LCNAMES</subfield><subfield code="0">41-LIBRARY_OF_CONGRESS-n  80126011</subfield><subfield code="9">N</subfield></datafield><datafield tag="610" ind1="1" ind2="0"><subfield code="a">United States.</subfield><subfield code="b">Administración de Seguro Social</subfield><subfield code="2">LCNAMES</subfield><subfield code="0">41-LIBRARY_OF_CONGRESS-n  80126011</subfield><subfield code="9">N</subfield></datafield><datafield tag="610" ind1="1" ind2="0"><subfield code="a">United States.</subfield><subfield code="b">Department of Health and Human Services.</subfield><subfield code="b">Social Security Administration</subfield><subfield code="2">LCNAMES</subfield><subfield code="0">41-LIBRARY_OF_CONGRESS-n  80126011</subfield><subfield code="9">N</subfield></datafield><datafield tag="610" ind1="1" ind2="0"><subfield code="a">United States.</subfield><subfield code="b">Department of Health, Education, and Welfare.</subfield><subfield code="b">Social Security Administration</subfield><subfield code="2">LCNAMES</subfield><subfield code="0">41-LIBRARY_OF_CONGRESS-n  80126011</subfield><subfield code="9">N</subfield></datafield><datafield tag="610" ind1="1" ind2="0"><subfield code="a">United States.</subfield><subfield code="b">Federal Security Agency.</subfield><subfield code="b">Social Security Administration</subfield><subfield code="2">LCNAMES</subfield><subfield code="0">41-LIBRARY_OF_CONGRESS-n  80126011</subfield><subfield code="9">N</subfield></datafield><datafield tag="610" ind1="1" ind2="0"><subfield code="w">a</subfield><subfield code="a">United States.</subfield><subfield code="b">Social Security Board</subfield><subfield code="2">LCNAMES</subfield><subfield code="0">41-LIBRARY_OF_CONGRESS-n  80126011</subfield><subfield code="9">R</subfield></datafield><datafield tag="610" ind1="1" ind2="0"><subfield code="w">r</subfield><subfield code="i">Hierarchical superior:</subfield><subfield code="a">United States.</subfield><subfield code="b">Department of Health and Human Services</subfield><subfield code="2">LCNAMES</subfield><subfield code="0">41-LIBRARY_OF_CONGRESS-n  80126011</subfield><subfield code="9">R</subfield></datafield><datafield tag="610" ind1="1" ind2="0"><subfield code="w">r</subfield><subfield code="i">Hierarchical superior:</subfield><subfield code="a">United States.</subfield><subfield code="b">Department of Health, Education, and Welfare</subfield><subfield code="2">LCNAMES</subfield><subfield code="0">41-LIBRARY_OF_CONGRESS-n  80126011</subfield><subfield code="9">R</subfield></datafield><datafield tag="610" ind1="1" ind2="0"><subfield code="w">r</subfield><subfield code="i">Hierarchical superior:</subfield><subfield code="a">United States.</subfield><subfield code="b">Federal Security Agency</subfield><subfield code="2">LCNAMES</subfield><subfield code="0">41-LIBRARY_OF_CONGRESS-n  80126011</subfield><subfield code="9">R</subfield></datafield><datafield tag="110" ind1="1" ind2=" "><subfield code="a">GAO (General Accounting Office)</subfield><subfield code="2">LCNAMES</subfield><subfield code="0">41-LIBRARY_OF_CONGRESS-n  80126064</subfield><subfield code="9">N</subfield></datafield><datafield tag="110" ind1="1" ind2=" "><subfield code="a">United States.</subfield><subfield code="b">Comptroller General of the United States</subfield><subfield code="2">LCNAMES</subfield><subfield code="0">41-LIBRARY_OF_CONGRESS-n  80126064</subfield><subfield code="9">N</subfield></datafield><datafield tag="110" ind1="1" ind2=" "><subfield code="a">United States.</subfield><subfield code="b">Contraloria General</subfield><subfield code="2">LCNAMES</subfield><subfield code="0">41-LIBRARY_OF_CONGRESS-n  80126064</subfield><subfield code="9">N</subfield></datafield><datafield tag="110" ind1="1" ind2=" "><subfield code="a">United States General Accounting Office</subfield><subfield code="2">LCNAMES</subfield><subfield code="0">41-LIBRARY_OF_CONGRESS-n  80126064</subfield><subfield code="9">N</subfield></datafield><datafield tag="110" ind1="1" ind2=" "><subfield code="w">b</subfield><subfield code="a">United States.</subfield><subfield code="b">Government Accountability Office</subfield><subfield code="2">LCNAMES</subfield><subfield code="0">41-LIBRARY_OF_CONGRESS-n  80126064</subfield><subfield code="9">R</subfield></datafield><datafield tag="110" ind1="1" ind2=" "><subfield code="a">United States.</subfield><subfield code="b">Auditor for Interior Department</subfield><subfield code="2">LCNAMES</subfield><subfield code="0">41-LIBRARY_OF_CONGRESS-n  80126064</subfield><subfield code="9">R</subfield></datafield><datafield tag="110" ind1="1" ind2=" "><subfield code="a">United States.</subfield><subfield code="b">Auditor for Navy Department</subfield><subfield code="2">LCNAMES</subfield><subfield code="0">41-LIBRARY_OF_CONGRESS-n  80126064</subfield><subfield code="9">R</subfield></datafield><datafield tag="110" ind1="1" ind2=" "><subfield code="a">United States.</subfield><subfield code="b">Auditor for Post-Office Department</subfield><subfield code="2">LCNAMES</subfield><subfield code="0">41-LIBRARY_OF_CONGRESS-n  80126064</subfield><subfield code="9">R</subfield></datafield><datafield tag="110" ind1="1" ind2=" "><subfield code="a">United States.</subfield><subfield code="b">Auditor for State and Other Departments</subfield><subfield code="2">LCNAMES</subfield><subfield code="0">41-LIBRARY_OF_CONGRESS-n  80126064</subfield><subfield code="9">R</subfield></datafield><datafield tag="110" ind1="1" ind2=" "><subfield code="a">United States.</subfield><subfield code="b">Auditor for Treasury Department</subfield><subfield code="2">LCNAMES</subfield><subfield code="0">41-LIBRARY_OF_CONGRESS-n  80126064</subfield><subfield code="9">R</subfield></datafield><datafield tag="110" ind1="1" ind2=" "><subfield code="a">United States.</subfield><subfield code="b">Auditor for War Department</subfield><subfield code="2">LCNAMES</subfield><subfield code="0">41-LIBRARY_OF_CONGRESS-n  80126064</subfield><subfield code="9">R</subfield></datafield><datafield tag="110" ind1="1" ind2=" "><subfield code="a">United States.</subfield><subfield code="b">Comptroller of the Treasury</subfield><subfield code="2">LCNAMES</subfield><subfield code="0">41-LIBRARY_OF_CONGRESS-n  80126064</subfield><subfield code="9">R</subfield></datafield><datafield tag="INST" ind1=" " ind2=" "><subfield code="a">01UWI_NETWORK</subfield><subfield code="b">P</subfield><subfield code="c">71301038350002121</subfield></datafield><datafield tag="INST" ind1=" " ind2=" "><subfield code="a">01UWI_MAD</subfield><subfield code="b">P</subfield><subfield code="c">21570532540002122</subfield></datafield><datafield tag="INST" ind1=" " ind2=" "><subfield code="a">01UWI_SF</subfield><subfield code="b">P</subfield><subfield code="c">2129882950002130</subfield></datafield><datafield tag="AVA" ind1=" " ind2=" "><subfield code="0">9927677463602122</subfield><subfield code="8">22570532520002122</subfield><subfield code="a">01UWI_MAD</subfield><subfield code="b">LAW</subfield><subfield code="c">Microforms</subfield><subfield code="d">GA 1.13: HRD-91-112</subfield><subfield code="e">check_holdings</subfield><subfield code="j">mic</subfield><subfield code="k">3</subfield><subfield code="p">1</subfield><subfield code="q">Law Library</subfield></datafield><datafield tag="AVA" ind1=" " ind2=" "><subfield code="0">9927677463602122</subfield><subfield code="8">22570532530002122</subfield><subfield code="a">01UWI_MAD</subfield><subfield code="b">WHSLIBRARY</subfield><subfield code="c">Government Document Microforms</subfield><subfield code="d">GA 1.13: HRD-91-112</subfield><subfield code="e">check_holdings</subfield><subfield code="j">govmic</subfield><subfield code="k">3</subfield><subfield code="p">2</subfield><subfield code="q">Wisconsin Historical Society Library</subfield></datafield><datafield tag="AVA" ind1=" " ind2=" "><subfield code="0">993871713602130</subfield><subfield code="8">2229882940002130</subfield><subfield code="a">01UWI_SF</subfield><subfield code="b">SP</subfield><subfield code="c">US Government Documents (6th floor)</subfield><subfield code="d">GA 1.13:HRD-91-112 fiche</subfield><subfield code="e">available</subfield><subfield code="f">1</subfield><subfield code="g">0</subfield><subfield code="j">docus</subfield><subfield code="k">3</subfield><subfield code="p">1</subfield><subfield code="q">UW Stevens Point Library</subfield></datafield><datafield tag="MMS" ind1=" " ind2=" "><subfield code="b">999715055802121</subfield><subfield code="a">01UWI_NETWORK</subfield></datafield><datafield tag="MMS" ind1=" " ind2=" "><subfield code="b">9927677463602122</subfield><subfield code="a">01UWI_MAD</subfield></datafield><datafield tag="MMS" ind1=" " ind2=" "><subfield code="b">993871713602130</subfield><subfield code="a">01UWI_SF</subfield></datafield><datafield tag="BBB" ind1="3" ind2="1"><subfield code="x">aShipping list no.: 93-0125-M.</subfield><subfield code="8">22570532520002122</subfield><subfield code="A">01UWI_MAD</subfield></datafield><datafield tag="BBB" ind1="3" ind2="1"><subfield code="x">aShipping list no.: 93-0125-M.</subfield><subfield code="8">22570532530002122</subfield><subfield code="A">01UWI_MAD</subfield></datafield></record>
</metadata>
</record>
</ListRecords>
</OAI-PMH>